@misc{sima,
  title   = {AIRE NL.GOB.MX},
  url     = {http://aire.nl.gob.mx/},
  journal = {SIMA},
  year    = {2015}
}

@misc{ops,
  title   = {Calidad del Aire},
  url     = {https://www.paho.org/es/temas/calidad-aire},
  journal = {OPS},
  year    = {2016}
}

@misc{aquae,
  title   = {¿Cómo se mide la calidad del aire?},
  url     = {https://www.fundacionaquae.org/wiki/como-se-mide-calidad-aire/},
  journal = {AQUAE},
  year    = {2022}
}

@misc{sirae,
  title   = {¿Por qué es importante medir la Calidad del Aire?},
  url     = {https://siraesa.com/index.php/2020/01/13/por-que-medir-la-calidad-del-aire/},
  journal = {SIRAE SA de CV},
  year    = {2020},
  month   = {Jan}
}

@article{kumari2018critical,
  title     = {A critical review on air quality index},
  author    = {Kumari, Shweta and Jain, Manish Kumar},
  journal   = {Environmental Pollution},
  pages     = {87--102},
  year      = {2018},
  publisher = {Springer}
}

@article{pandey2014geomatics,
  title     = {Geomatics approach for assessment of respiratory disease mapping},
  author    = {Pandey, Mamta and Singh, Varun and Vaishya, RC},
  journal   = {The International Archives of Photogrammetry, Remote Sensing and Spatial Information Sciences},
  volume    = {40},
  number    = {8},
  pages     = {205},
  year      = {2014},
  publisher = {Copernicus GmbH}
}
